@InProceedings{
	Pap1,
	author="Lu, Hsuehkuan
	and Cao, Yixin
	and Lei, Hou
	and Li, Juanzi",
  Author+an = {1=highlight},
	title="Knowledge-Enhanced Bilingual Textual Representations for Cross-Lingual Semantic Textual Similarity",
  booktitle="International Conference of Pioneering Computer Scientists, Engineers and Educators (ICPCSEE)",
	year="2019",
	pages="425--440",
	isbn="978-981-15-0118-0"
}

@InProceedings{
  Pap2,
  author="Lu, Hsuehkuan
  and Hou, Lei
  and Li, Juanzi",
  Author+an = {1=highlight},
  title="How Important Is POS to Dependency Parsing? Joint POS Tagging and Dependency Parsing Neural Networks",
  booktitle="Chinese Computational Linguistics (CCL)",
  year="2019",
  pages="625--637",
  isbn="978-3-030-32381-3"
}
